
@article{jaffe1981bottleneck,
  title={Bottleneck flow control},
  author={Jaffe, Jeffrey},
  journal={IEEE Transactions on Communications},
  volume={29},
  number={7},
  pages={954--962},
  year={1981},
  publisher={IEEE}
}

@article{jacobson1988congestion,
	title={Congestion avoidance and control},
	author={Jacobson, Van},
	journal={ACM SIGCOMM computer communication review},
	volume={18},
	number={4},
	pages={314--329},
	year={1988},
	publisher={ACM}
}

@article{chiu1989analysis,
  title={Analysis of the increase and decrease algorithms for congestion avoidance in computer networks},
  author={Chiu, Dahming and Jain, Raj},
  journal={Computer Networks and Isdn Systems},
  volume={17},
  number={1},
  pages={1--14},
  year={1989}
}

@inproceedings{demers1989analysis,
	title="Analysis and simulation of a fair queueing algorithm",
	author="Alan J. {Demers} and Srinivasan {Keshav} and Scott {Shenker}",
	booktitle="Proc. ACM SIGCOMM Symposium on Communications Architectures and Protocols",
	volume="19",
	number="4",
	pages="1--12",
	year="1989"
}

@article{jacobson1990modified,
	title="Modified tcp congestion avoidance algorithm",
	author="Van {Jacobson}",
	journal="Email to the end2end-interest mailing list",
	year="1990"
}

@book{bertsekas1992data,
  title={Data networks},
  author={Bertsekas, Dimitri P and Gallager, Robert G and Humblet, Pierre},
  volume={2},
  year={1992},
  publisher={Prentice-Hall International New Jersey}
}

@article{Abhay1993WFQ,
  author    = {Abhay K. Parekh and Robert G. Gallager},
  title     = {A generalized processor sharing approach to flow control in integrated services networks: the single-node case},
  journal   = {IEEE/ACM Transactions on Networking},
  volume    = {1},
  number    = {3},
  pages     = {344--357},
  year      = {1993}
}

@article{brakmo1995tcp,
  title={TCP Vegas: end to end congestion avoidance on a global Internet},
  author={Brakmo, Lawrence S. and Peterson, Larry L.},
  journal={IEEE Journal on Selected Areas in Communications},
  volume={13},
  number={8},
  pages={1465--1480},
  year={1995}
}

@article{Mathis1996SACK,
	title="TCP Selective Acknowledgment Options",
	author=" M. Mathis and J. Mahdavi and S. Floyd and A. Romanow",
	journal="RFC 2018",
	year="1996"
}

@inproceedings{mccanne1996rlm,
	title="Receiver-driven layered multicast",
	author="Steven {McCanne} and Van {Jacobson} and Martin {Vetterli}",
	journal="Proc. SIGCOMM 1996 Conference",
	pages="117--130",
	year="1996"
}

@article{Floyd1997Sawtooth,
  author    = {Floyd Sally and Kevin Fall},
  title     = {Router mechanisms to support end-to-end congestion control},
  journal   = {Technical report},
  year      = {1997}
}

@article{goyal1997start,
  title={Start-time fair queueing: a scheduling algorithm for integrated services packet switching networks},
  author={Goyal, Pawan and Vin, Harrick M and Cheng, Haichen},
  journal={IEEE/ACM Transactions on networking},
  volume={5},
  number={5},
  pages={690--704},
  year={1997},
  publisher={IEEE}
}

@article{kelly1998rate,
	title="Rate control for communication networks: shadow prices, proportional fairness and stability",
	author="F P {Kelly} and A K {Maulloo} and D K H {Tan}",
	journal="Journal of the Operational Research Society",
	volume="49",
	number="3",
	pages="237--252",
	year="1998"
}

@inproceedings{henderson1998improving,
  title={On improving the fairness of TCP congestion avoidance},
  author={Henderson, Thomas R and Sahouria, Emile and McCanne, Steven and Katz, Randy H},
  booktitle={Proc. IEEE GLOBECOM},
  volume={1},
  pages={539--544},
  year={1998},
  organization={IEEE}
}

@article{Kathleen1998Diffserv,
  author    = {Kathleen M. Nichols and Steven Blake and Fred Baker and David L. Black},
  title     = {Definition of the Differentiated Services Field {(DS} Field) in the IPv4 and IPv6 Headers},
  journal   = {RFC 2474},
  year      = {1998}
}

@article{crowcroft1998differentiated,
  title={Differentiated end-to-end Internet services using a weighted proportional fair sharing TCP},
  author={Crowcroft, Jon and Oechslin, Philippe},
  journal={ACM SIGCOMM Computer Communication Review},
  volume={28},
  number={3},
  pages={53--69},
  year={1998},
  publisher={ACM}
}

@inproceedings{padhye1998modeling,
	title="Modeling TCP throughput: a simple model and its empirical validation",
	author="Jitendra {Padhye} and Victor {Firoiu} and Donald F. {Towsley} and James F. {Kurose}",
	booktitle="Proc. ACM SIGCOMM 1998 Conference",
	pages="303--314",
	year="1998"
}

@inproceedings{sisalem1998lda,
	title="The Loss-Delay Based Adjustment Algorithm: A TCP-Friendly Adaptation Scheme",
	author="Dorgham {Sisalem} and Henning {Schulzrinne}",
	booktitle="Proc. NOSSDAV",
	year="1998"
}

@inproceedings{rejaie1999rap,
	title="RAP: An end-to-end rate-based congestion control mechanism for realtime streams in the Internet",
	author="R. {Rejaie} and M. {Handley} and D. {Estrin}",
	booktitle="Proc. IEEE INFOCOM",
	volume="3",
	pages="1337--1345",
	year="1999"
}

@article{Low1999DGD,
  author={S. H. {Low} and D. E. {Lapsley}},
  journal={IEEE/ACM Transactions on Networking},
  title={Optimization flow control. I. Basic algorithm and convergence},
  year={1999},
  volume={7},
  number={6},
  pages={861-874},
}

@inproceedings{hasegawa1999fairness,
  title={Fairness and stability of congestion control mechanisms of TCP},
  author={Hasegawa, Go and Murata, Masayuki and Miyahara, Hideo},
  booktitle={Proc. IEEE INFOCOM},
  volume={3},
  pages={1329--1336},
  year={1999},
  organization={IEEE}
}

@inproceedings{altman2000fairness,
  title={Fairness analysis of TCP/IP},
  author={Altman, Eitan and Barakat, Chadi and Laborde, Emmanuel and Brown, Patrick and Collange, Denis},
  booktitle={Proc. 39th IEEE Conference on Decision and Control},
  volume={1},
  pages={61--66},
  year={2000},
  organization={IEEE}
}

@inproceedings{yang2000general,
	title="General AIMD congestion control",
	author="Y.R. {Yang} and S.S. {Lam}",
	booktitle="Proc. IEEE ICNP",
	pages="187--198",
	year="2000"
}

@article{mo2000fair,
  title={Fair end-to-end window-based congestion control},
  author={Mo, Jeonghoon and Walrand, Jean},
  journal={IEEE/ACM Transactions on networking},
  number={5},
  pages={556--567},
  year={2000},
  publisher={IEEE}
}

@inproceedings{Misra00afluid-based,
    author = {Vishal Misra and WeiBo Gong and Don Towsley},
    title = {A Fluid-based Analysis of a Network of AQM Routers Supporting TCP Flows with an Application to RED},
    booktitle = {Proc. ACM SIGCOMM 2000 Conference},
    year = {2000},
    pages = {151--160}
}

@inproceedings{jin2001simd,
	title="TCP-friendly SIMD congestion control and its convergence behavior",
	author="Shudong {Jin} and Liang {Guo} and I. {Matta} and A. {Bestavros}",
	booktitle="Proc. IEEE ICNP",
	pages="156--164",
	year="2001"
}

@inproceedings{bansal2001binomial,
	title="Binomial congestion control algorithms",
	author="D. {Bansal} and H. {Balakrishnan}",
	booktitle="Proc. IEEE INFOCOM",
	volume="2",
	pages="631--640",
	year="2001"
}

@book{HASSAN2002NonliearSys,
  title={Nonliear Systems},
  author={HASSAN K. KHALIL},
  year={2002},
  publisher={Prentice Hall}
}

@inproceedings{pilosof2003understanding,
  title={Understanding TCP fairness over wireless LAN},
  author={Pilosof, Saar and Ramjee, Ramachandran and Raz, Danny and Shavitt, Yuval and Sinha, Prasun},
  booktitle={Proc. IEEE INFOCOM},
  volume={2},
  pages={863--872},
  year={2003},
  organization={IEEE}
}

@inproceedings{chen2004fast,
	title={FAST TCP: motivation, architecture, algorithms, performance},
	author={Jin, Cheng and David X. Wei and Steven H. Low},
	booktitle={Proc. IEEE INFOCOM},
	volume={4},
	pages={2490-2501},
	year={2004},
	organization={IEEE}
}

@article{ha2008cubic,
	title="CUBIC: a new TCP-friendly high-speed TCP variant",
	author="Sangtae {Ha} and Injong {Rhee} and Lisong {Xu}",
	journal="Operating Systems Review",
	volume="42",
	number="5",
	pages="64--74",
	year="2008"
}

@inproceedings{Honda2009EWTCP,
  title = {Multipath congestion control for shared bottleneck},
  author = {Honda, Michio and Nishida, Yoshifumi and Eggert, Lars and Sarolahti, Pasi and Tokuda, Hideyuki},
  booktitle = {Proc. PFLDNeT Workshop},
  year = {2009}
}

@article{molnar2009comprehensive,
  title={A comprehensive TCP fairness analysis in high speed networks},
  author={Moln{\'a}r, S{\'a}ndor and Sonkoly, Bal{\'a}zs and Trinh, Tuan Anh},
  journal={Computer Communications},
  volume={32},
  number={13-14},
  pages={1460--1484},
  year={2009},
  publisher={Elsevier}
}

@inproceedings{alizadeh2010data,
	title="Data center TCP (DCTCP)",
	author="Mohammad {Alizadeh} and Albert G. {Greenberg} and David A. {Maltz} and Jitendra {Padhye} and Parveen {Patel} and Balaji {Prabhakar} and Sudipta {Sengupta} and Murari {Sridharan}",
	booktitle="Proc. ACM SIGCOMM 2010 Conference",
	volume="40",
	number="4",
	pages="63--74",
	year="2010"
}

@inproceedings{alizadeh2011analysis,
	title="Analysis of DCTCP: stability, convergence, and fairness",
	author="Mohammad {Alizadeh} and Adel {Javanmard} and Balaji {Prabhakar}",
	booktitle="Proc. ACM SIGMETRICS Joint International Conference on Measurement and Modeling of Computer Systems",
	volume="39",
	number="1",
	pages="73--84",
	year="2011"
}

@inproceedings{wischik2011design,
  title={Design, Implementation and Evaluation of Congestion Control for Multipath TCP.},
  author={Wischik, Damon and Raiciu, Costin and Greenhalgh, Adam and Handley, Mark},
  booktitle={Proc. USENIX Symposium on Networked Systems Design and Implementation},
  volume={11},
  pages={8--8},
  year={2011}
}

@article{Henderson2012NewReno,
	title="The NewReno Modification to TCP's Fast Recovery Algorithm",
	author="T. Henderson and S. Floyd and A. Gurtov and Y. Nishida",
	journal="RFC 6582",
	year="2012"
}

@article{Jim2012Bufferbloat,
  author    = {Jim Gettys and Kathleen M. Nichols},
  title     = {Bufferbloat: dark buffers in the internet},
  journal   = {Communication of the ACM},
  volume    = {55},
  number    = {1},
  pages     = {57--65},
  year      = {2012}
}

@inproceedings{popa2012faircloud,
	title="FairCloud: sharing the network in cloud computing",
	author="Lucian {Popa} and Gautam {Kumar} and Mosharaf {Chowdhury} and Arvind {Krishnamurthy} and Sylvia {Ratnasamy} and Ion {Stoica}",
	booktitle="Proc. ACM SIGCOMM 2012 Conference",
	pages="187--198",
	year="2012"
}

@inproceedings{winstein2013remy,
	title="TCP ex machina: computer-generated congestion control",
	author="Keith {Winstein} and Hari {Balakrishnan}",
	booktitle="Proc. ACM SIGCOMM 2013 conference",
	volume="43",
	number="4",
	pages="123--134",
	year="2013"
}

@inproceedings{Hong2013SWAN,
	title="Achieving high utilization with software-driven WAN",
	author="Chi-Yao {Hong} and Srikanth {Kandula} and Ratul {Mahajan} and Ming {Zhang} and Vijay {Gill} and Mohan {Nanduri} and Roger {Wattenhofer}",
	booktitle="Proc. ACM SIGCOMM 2013 Conference",
	pages="15--26",
	year="2013"
}

@inproceedings{zhu2015congestion,
	author = {Zhu, Yibo and Eran, Haggai and Firestone, Daniel and Firestone, Daniel and Guo, Chuanxiong and Lipshteyn, Marina and Liron, Yehonatan and Padhye, Jitendra and Raindel, Shachar and Yahia, Mohamad Haj and Zhang, Ming},
	title = {Congestion Control for Large-Scale RDMA Deployments},
	booktitle = {Proc. ACM SIGCOMM 2015 Conference},
	year = {2015},
	pages={523-536}
}

@inproceedings{mittal2015timely,
	title="TIMELY: RTT-based Congestion Control for the Datacenter",
	author="Radhika {Mittal} and Nandita {Dukkipati} and Emily {Blem} and Hassan {Wassel} and Monia {Ghobadi} and Amin {Vahdat} and Yaogong {Wang} and David {Wetherall} and David {Zats}",
	booktitle="Proc. ACM SIGCOMM 2015 Conference",
	pages="537--550",
	year="2015"
}

@inproceedings{nagaraj2016numfabric,
	title="NUMFabric: Fast and Flexible Bandwidth Allocation in Datacenters",
	author="Kanthi {Nagaraj} and Dinesh {Bharadia} and Hongzi {Mao} and Sandeep {Chinchali} and Mohammad {Alizadeh} and Sachin {Katti}",
	booktitle="Proc. of 2016 ACM SIGCOMM Conference",
	pages="188--201",
	year="2016"
}

@inproceedings{sivaraman2016programmable,
  title={Programmable packet scheduling at line rate},
  author={Sivaraman, Anirudh and Subramanian, Suvinay and Alizadeh, Mohammad and Chole, Sharad and Chuang, Shang-Tse and Agrawal, Anurag and Balakrishnan, Hari and Edsall, Tom and Katti, Sachin and McKeown, Nick},
  booktitle={Proc. ACM SIGCOMM 2016 Conference},
  pages={44--57},
  year={2016}
}

@article{cardwell2016bbr,
	title="BBR: congestion-based congestion control",
	author="Neal {Cardwell} and Yuchung {Cheng} and C. Stephen {Gunn} and Soheil Hassas {Yeganeh} and Van {Jacobson}",
	journal="ACM Queue",
	volume="60",
	number="2",
	pages="58--66",
	year="2016"
}

@inproceedings{narayan2018restructuring,
	title="Restructuring endpoint congestion control",
	author="Akshay {Narayan} and Frank {Cangialosi} and Deepti {Raghavan} and Prateesh {Goyal} and Srinivas {Narayana} and Radhika {Mittal} and Mohammad {Alizadeh} and Hari {Balakrishnan}",
	booktitle="Proc. ACM SIGCOMM 2018 Conference",
	pages="30--43",
	year="2018"
}

@inproceedings{arun2018copa,
	title="Copa: Practical Delay-Based Congestion Control for the Internet",
	author="Venkat {Arun} and Hari {Balakrishnan}",
	booktitle="Proc. USENIX Symposium on Networked Systems Design and Implementation",
	pages="329--342",
	year="2018"
}

@inproceedings{dong2018pcc,
	title="PCC Vivace: Online-Learning Congestion Control.",
	author="Mo {Dong} and Tong {Meng} and Doron {Zarchy} and Engin {Arslan} and Yossi {Gilad} and Brighten {Godfrey} and Michael {Schapira}",
	booktitle="Proc. USENIX Symposium on Networked Systems Design and Implementation",
	pages="343--356",
	year="2018"
}

@inproceedings{lu2018multi,
	title="Multi-Path Transport for RDMA in Datacenters.",
	author="Yuanwei {Lu} and Guo {Chen} and Bojie {Li} and Kun {Tan} and Yongqiang {Xiong} and Peng {Cheng} and Jiansong {Zhang} and Enhong {Chen} and Thomas {Moscibroda}",
	booktitle="Proc. USENIX Symposium on Networked Systems Design and Implementation",
	pages="357--371",
	year="2018"
}

@inproceedings{li2019hpcc,
	title={HPCC: high precision congestion control},
	author={Yuliang Li and Rui Miao and Hongqiang Harry Liu and Yan Zhuang and Fei Feng and Lingbo Tang and Zheng Cao and Ming Zhang and Frank Kelly and Mohammad Alizadeh and Minlan Yu},
	booktitle={Proc. ACM SIGCOMM 2019 Conference},
	pages={44--58},
	year={2019}
}

@inproceedings{Nathan2019wcubic,
	title="End-to-end transport for video QoE fairness",
	author="Vikram Nathan and Vibhaalakshmi Sivaraman and Ravichandra Addanki and Mehrdad Khani and Prateesh Goyal and Mohammad Alizadeh",
	booktitle="Proc. ACM SIGCOMM 2019 Conference",
	pages="408-423",
	year="2019"
}

@inproceedings{Zeng2019cc,
	title={Congestion Control for Cross-Datacenter Networks},
	author={Zeng, Gaoxiong and Bai, Wei and Chen, Ge and Chen, Kai and Han, Dongsu and Zhu, Yibo and Cui, Lei},
	booktitle={Proc. IEEE ICNP},	
	pages={1-10},
	year={2019},
	organization={IEEE}
}

@article{NS3,
  author={ns3 Network Simulator},
  journal={https://www.nsnam.org/}
}

@article{iperf,
  author={iPerf},
  journal={https://iperf.fr/}
}

